<record><leader>00000cas a22000007a 4500</leader><controlfield tag="001">12429526</controlfield><controlfield tag="008">850827d1972197uutumn ne      0    0eng d</controlfield><datafield ind1=" " ind2=" " tag="010"><subfield code="a">sn 85058226 </subfield></datafield><datafield ind1=" " ind2=" " tag="040"><subfield code="a">UNP</subfield><subfield code="b">eng</subfield><subfield code="c">UNP</subfield><subfield code="d">OCLCQ</subfield></datafield><datafield ind1=" " ind2=" " tag="042"><subfield code="a">msc</subfield></datafield><datafield ind1="0" ind2=" " tag="130"><subfield code="a">Mountain flower (Park City, Utah)</subfield></datafield><datafield ind1="1" ind2="4" tag="245"><subfield code="a">The Mountain flower.</subfield></datafield><datafield ind1=" " ind2=" " tag="260"><subfield code="a">Park City, Utah :</subfield><subfield code="b">Media West,</subfield><subfield code="c">1972-</subfield></datafield><datafield ind1=" " ind2=" " tag="300"><subfield code="a">v. :</subfield><subfield code="b">ill.</subfield></datafield><datafield ind1=" " ind2=" " tag="310"><subfield code="a">Monthly during Winter and Summer</subfield></datafield><datafield ind1="0" ind2=" " tag="362"><subfield code="a">Vol. 1, no. 1 (Oct. 21, 1972)-</subfield></datafield><datafield ind1=" " ind2=" " tag="500"><subfield code="a">Printed in Salt Lake City, Utah for distribution in Park City, Utah.</subfield></datafield><datafield ind1=" " ind2=" " tag="515"><subfield code="a">Vol 1, no. 1 preceded by an introductory issue; Sept. 1972.</subfield></datafield><datafield ind1=" " ind2=" " tag="752"><subfield code="a">United States</subfield><subfield code="b">Utah</subfield><subfield code="c">Summit</subfield><subfield code="d">Park City.</subfield></datafield><datafield ind1=" " ind2=" " tag="752"><subfield code="a">United States</subfield><subfield code="b">Utah</subfield><subfield code="c">Salt Lake</subfield><subfield code="d">Salt Lake City.</subfield></datafield></record>